<record><leader>00000cas a22000007a 4500</leader><controlfield tag="001">29746449</controlfield><controlfield tag="008">940204d189u1972nyuwr ne      0    0eng d</controlfield><datafield ind1=" " ind2=" " tag="010"><subfield code="a">sn 94057677 </subfield></datafield><datafield ind1=" " ind2=" " tag="040"><subfield code="a">NYS</subfield><subfield code="b">eng</subfield><subfield code="c">NYS</subfield><subfield code="d">MGN</subfield><subfield code="d">OCLCQ</subfield><subfield code="d">OCLCF</subfield><subfield code="d">OCLCO</subfield></datafield><datafield ind1=" " ind2=" " tag="042"><subfield code="a">msc</subfield></datafield><datafield ind1=" " ind2=" " tag="043"><subfield code="a">n-us-ny</subfield></datafield><datafield ind1="0" ind2=" " tag="130"><subfield code="a">Parish mirror (Parish, N.Y. : 1897)</subfield></datafield><datafield ind1="1" ind2="0" tag="245"><subfield code="a">Parish mirror.</subfield></datafield><datafield ind1="1" ind2="7" tag="246"><subfield code="a">Oswego County weeklies</subfield><subfield code="f">&lt;1964&gt;-1972</subfield></datafield><datafield ind1=" " ind2=" " tag="260"><subfield code="a">Parish, N.Y. :</subfield><subfield code="b">Fred H. Gee,</subfield><subfield code="c">-1972.</subfield></datafield><datafield ind1=" " ind2=" " tag="300"><subfield code="a">v. ;</subfield><subfield code="c">44 cm.</subfield></datafield><datafield ind1=" " ind2=" " tag="310"><subfield code="a">Weekly</subfield></datafield><datafield ind1="0" ind2=" " tag="362"><subfield code="a">-v. 112, no. 7 (Feb. 17, 1972).</subfield></datafield><datafield ind1=" " ind2=" " tag="500"><subfield code="a">Published by: Fred H. Gee, &lt;1897&gt;; W.H. Vrooman, &lt;1913&gt;; F.L McChesney, &lt;1921-1937&gt;; The Pulaski Press, &lt;1941&gt;; R. Austin Backus, &lt;1949&gt;.</subfield></datafield><datafield ind1=" " ind2=" " tag="588"><subfield code="a">Description based on: Vol. 23, no. 48 (Feb. 12, 1897).</subfield></datafield><datafield ind1=" " ind2="0" tag="651"><subfield code="a">Parish (N.Y.)</subfield><subfield code="v">Newspapers.</subfield></datafield><datafield ind1=" " ind2="0" tag="651"><subfield code="a">Oswego County (N.Y.)</subfield><subfield code="v">Newspapers.</subfield></datafield><datafield ind1=" " ind2="7" tag="655"><subfield code="a">Newspapers.</subfield><subfield code="2">fast</subfield><subfield code="0">(OCoLC)fst01423814</subfield></datafield><datafield ind1=" " ind2="7" tag="651"><subfield code="a">New York (State)</subfield><subfield code="z">Oswego County.</subfield><subfield code="2">fast</subfield><subfield code="0">(OCoLC)fst01208853</subfield></datafield><datafield ind1=" " ind2="7" tag="651"><subfield code="a">New York (State)</subfield><subfield code="z">Parish.</subfield><subfield code="2">fast</subfield><subfield code="0">(OCoLC)fst01221693</subfield></datafield><datafield ind1=" " ind2=" " tag="752"><subfield code="a">United States</subfield><subfield code="b">New York</subfield><subfield code="c">Oswego</subfield><subfield code="d">Parish.</subfield></datafield><datafield ind1="0" ind2="0" tag="780"><subfield code="t">Mirror-review</subfield><subfield code="w">(DLC)sn 94057676</subfield><subfield code="w">(OCoLC)29746448</subfield></datafield><datafield ind1="0" ind2="7" tag="785"><subfield code="t">Mexico independent (Mexico, N.Y. : 1874)</subfield><subfield code="w">(DLC)sn 85026818</subfield><subfield code="w">(OCoLC)12629944</subfield></datafield><datafield ind1="0" ind2="7" tag="785"><subfield code="t">Independent mirror (Mexico, N.Y. : 1972)</subfield><subfield code="w">(DLC)sn 94057689</subfield><subfield code="w">(OCoLC)29787128</subfield></datafield></record>